@inproceedings{p:juluri2015,
	author = {Juluri P. and Tamarapalli V. and Medhi, D.},
	title = {{SARA}: Segment Aware Rate Adaptation algorithm for Dynamic Adaptive Streaming over {HTTP}},
	booktitle = {ICC QoE-FI Workshop},
	year={2015},
	month=jun
}


ACM, New York, NY, USA, 187-198. 

@inproceedings{p:teyuan2014,
	author = {Huang, Te-Yuan and Johari, Ramesh and McKeown, Nick and Trunnell, Matthew and Watson, Mark},
	title = {A buffer-based approach to rate adaptation: {E}vidence from a large video streaming service},
	booktitle = {Proceedings of the 2014 {ACM} Conference on {SIGCOMM} ({SIGCOMM}'14)},
	year={2014},
	doi={10.1145/2619239.2626296},
	url={http://doi.acm.org/10.1145/2619239.262629},
	publisher={{ACM} {P}ress},
	address = {New York, NY, USA},
	pages={187--198}
}
